@book{buch,
    author = {Achim Klenke} ,
    title = {Wahrscheinlichkeitstheorie},
    publisher ={ Springer, 3. Edition},
    year = 2013
}